@misc{buttle2009customer,
  title={Customer relationship management: Concepts and technology},
  author={Buttle, Francis},
  year={2009},
  publisher={Burlington: USA}
}

@inproceedings{guyon2009analysis,
  title={Analysis of the kdd cup 2009: Fast scoring on a large orange customer database},
  author={Guyon, Isabelle and Lemaire, Vincent and Boull{\'e}, Marc and Dror, Gideon and Vogel, David},
  booktitle={Proceedings of the 2009 International Conference on KDD-Cup 2009-Volume 7},
  pages={1--22},
  year={2009},
  organization={JMLR. org}
}

@misc{ens,
  title={Supervised and Unsupervised Ensemble Methods and Their Applications},
  author={Okun, Oleg and Valentini (Eds), Giorgio },
  year={2008},
  publisher={Springer-Verlag Berlin Heidelberg}
}

@article{breiman2001random,
  title={Random forests},
  author={Breiman, Leo},
  journal={Machine learning},
  volume={45},
  number={1},
  pages={5--32},
  year={2001},
  publisher={Springer}
}

@inproceedings{domingos1999metacost,
  title={Metacost: A general method for making classifiers cost-sensitive},
  author={Domingos, Pedro},
  booktitle={KDD},
  volume={99},
  pages={155--164},
  year={1999}
}

@inproceedings{van2007experimental,
  title={Experimental perspectives on learning from imbalanced data},
  author={Van Hulse, Jason and Khoshgoftaar, Taghi M and Napolitano, Amri},
  booktitle={Proceedings of the 24th international conference on Machine learning},
  pages={935--942},
  year={2007},
  organization={ACM}
}

@inproceedings{xie2009combination,
  title={A combination of boosting and bagging for kdd cup 2009-fast scoring on a large database},
  author={Xie, Jianjun and Rojkova, Viktoria and Pal, Siddharth and Coggeshall, Stephen},
  booktitle={Proceedings of the 2009 International Conference on KDD-Cup 2009-Volume 7},
  pages={35--43},
  year={2009},
  organization={JMLR. org}
}

@article{bagging,
author = {Tom Fearn},
title ={Bagging},
journal = {NIR news},
volume = {17},
number = {8},
pages = {15-15},
year = {2006},
doi = {10.1255/nirn.938},

URL = { 
        https://doi.org/10.1255/nirn.938
    
},
eprint = { 
        https://doi.org/10.1255/nirn.938
    
}

}


@article{buhlmann2010boosting,
  title={Boosting},
  author={B{\"u}hlmann, Peter and Yu, Bin},
  journal={Wiley Interdisciplinary Reviews: Computational Statistics},
  volume={2},
  number={1},
  pages={69--74},
  year={2010},
  publisher={Wiley Online Library}
}