





@article{doi:10.1255/nirn.938,
author = {Tom Fearn},
title ={Bagging},
journal = {NIR news},
volume = {17},
number = {8},
pages = {15-15},
year = {2006},
doi = {10.1255/nirn.938},

URL = { 
        https://doi.org/10.1255/nirn.938
    
},
eprint = { 
        https://doi.org/10.1255/nirn.938
    
}

}


